<?xml version="1.0" encoding="UTF-8"?><collection xmlns="http://www.loc.gov/MARC21/slim"><record><leader>00649nam--2200169-u-4500</leader><controlfield tag="001">000052624</controlfield><controlfield tag="002">20161230</controlfield><controlfield tag="005">20161230201050</controlfield><controlfield tag="008">100928s1000------------r-----000-0-eng-d</controlfield><datafield ind1=" " ind2=" " tag="040"><subfield code="a">IFIN-HH</subfield></datafield><datafield ind1=" " ind2=" " tag="080"><subfield code="a">539.175:621.039.6:533.9.07(061.3)</subfield></datafield><datafield ind1="1" ind2=" " tag="110"><subfield code="a">Association European Atomic Energy Community - EURATOM Max-Planck-Institut fur Plasmaphysik - IPP</subfield></datafield><datafield ind1="1" ind2="0" tag="245"><subfield code="a">Proccedings of the 9th Symposium on Fusion Technology, Garmisch-Partenkirchen (FRG) June 14-18, 1976</subfield><subfield code="b">Organised by IPP - Institut fur Plasmaphysik Garching (FRG)</subfield></datafield><datafield ind1=" " ind2=" " tag="260"><subfield code="a">Oxford</subfield><subfield code="b">Pergamon Press</subfield><subfield code="c">1976</subfield></datafield><datafield ind1=" " ind2=" " tag="300"><subfield code="a">925 p</subfield></datafield><datafield ind1=" " ind2=" " tag="852"><subfield code="a">45301</subfield><subfield code="c">533.9</subfield></datafield><datafield ind1=" " ind2=" " tag="CAT"><subfield code="a">Sys</subfield><subfield code="c">20100928</subfield><subfield code="h">115749</subfield></datafield></record></collection>